<record><leader>00000cas a22000007a 4500</leader><controlfield tag="001">14238614</controlfield><controlfield tag="008">860919d19281928paudn ne      0    0eng d</controlfield><controlfield tag="009">5601</controlfield><datafield ind1=" " ind2=" " tag="010"><subfield code="a">sn 87078001 </subfield></datafield><datafield ind1=" " ind2=" " tag="040"><subfield code="a">NPH</subfield><subfield code="b">eng</subfield><subfield code="c">NPH</subfield><subfield code="d">UPM</subfield><subfield code="d">DLC</subfield><subfield code="d">OCLCF</subfield></datafield><datafield ind1=" " ind2=" " tag="042"><subfield code="a">msc</subfield></datafield><datafield ind1="0" ind2="0" tag="245"><subfield code="a">Lancaster intelligencer. News journal.</subfield></datafield><datafield ind1="1" ind2="3" tag="246"><subfield code="a">Lancaster intelligencer and news journal</subfield></datafield><datafield ind1="0" ind2="7" tag="246"><subfield code="a">Daily intelligencer journal</subfield></datafield><datafield ind1=" " ind2=" " tag="250"><subfield code="a">City ed.</subfield></datafield><datafield ind1=" " ind2=" " tag="260"><subfield code="a">Lancaster, Pa. :</subfield><subfield code="b">Steinman &amp; Steinman, Inc.,</subfield><subfield code="c">1928.</subfield></datafield><datafield ind1=" " ind2=" " tag="300"><subfield code="a">1 v.</subfield></datafield><datafield ind1=" " ind2=" " tag="310"><subfield code="a">Daily (except Sun.)</subfield></datafield><datafield ind1="0" ind2=" " tag="362"><subfield code="a">Vol. 64, no. 194 (Apr. 16, 1928)-v. 64, no. 228 (May 25, 1928).</subfield></datafield><datafield ind1=" " ind2="0" tag="651"><subfield code="a">Lancaster (Pa.)</subfield><subfield code="v">Newspapers.</subfield></datafield><datafield ind1=" " ind2="7" tag="655"><subfield code="a">Newspapers.</subfield><subfield code="2">fast</subfield><subfield code="0">(OCoLC)fst01423814</subfield></datafield><datafield ind1=" " ind2="7" tag="651"><subfield code="a">Pennsylvania</subfield><subfield code="z">Lancaster.</subfield><subfield code="2">fast</subfield><subfield code="0">(OCoLC)fst01206374</subfield></datafield><datafield ind1=" " ind2=" " tag="752"><subfield code="a">United States</subfield><subfield code="b">Pennsylvania</subfield><subfield code="c">Lancaster</subfield><subfield code="d">Lancaster.</subfield></datafield><datafield ind1="0" ind2=" " tag="775"><subfield code="t">Sunday news (Lancaster, Pa.)</subfield><subfield code="w">(DLC)sn 87080024</subfield></datafield><datafield ind1="0" ind2="4" tag="780"><subfield code="t">Lancaster daily intelligencer</subfield><subfield code="x">2158-2688</subfield><subfield code="w">(DLC)sn 83032300</subfield><subfield code="w">(OCoLC)10246720</subfield></datafield><datafield ind1="0" ind2="4" tag="780"><subfield code="t">News-journal (Lancaster, Pa.)</subfield><subfield code="w">(DLC)sn 87078011</subfield></datafield><datafield ind1="0" ind2="0" tag="785"><subfield code="t">Intelligencer journal</subfield><subfield code="x">0889-4140</subfield><subfield code="w">(DLC)sn 86001804</subfield><subfield code="w">(OCoLC)2262429</subfield></datafield></record>